<?xml version="1.0" encoding="UTF-8"?>
<collection xmlns:xsi="http://www.w3.org/2001/XMLSchema-instance" xsi:schemaLocation="http://www.loc.gov/MARC21/slim http://www.loc.gov/standards/marcxml/schema/MARC21slim.xsd" xmlns="http://www.loc.gov/MARC21/slim">
<record>
  <leader>01358cam a2200253Ia 4500</leader>
  <controlfield tag="001">4890594</controlfield>
  <controlfield tag="003">NNC</controlfield>
  <controlfield tag="005">20130501013817.0</controlfield>
  <controlfield tag="008">911202m18831884ua            000 0 ara d</controlfield>
  <datafield tag="035" ind1=" " ind2=" ">
    <subfield code="a">(OCoLC)ocm24876530</subfield>
  </datafield>
  <datafield tag="035" ind1=" " ind2=" ">
    <subfield code="a">(NNC)4890594</subfield>
  </datafield>
  <datafield tag="040" ind1=" " ind2=" ">
    <subfield code="a">Recon MBB</subfield>
    <subfield code="c">MBB</subfield>
    <subfield code="d">OCLCQ</subfield>
    <subfield code="d">NNC</subfield>
  </datafield>
  <datafield tag="090" ind1=" " ind2=" ">
    <subfield code="a">DS234</subfield>
    <subfield code="b">.I1142 1883</subfield>
  </datafield>
  <datafield tag="100" ind1="1" ind2=" ">
    <subfield code="a">Ibn al-Athīr, ʻIzz al-Dīn,</subfield>
    <subfield code="d">1160-1233.</subfield>
  </datafield>
  <datafield tag="245" ind1="1" ind2="0">
    <subfield code="a">Tārīkh al-kāmil /</subfield>
    <subfield code="c">lil-ʻalāmah Abī al-Ḥasan ʻAlī ibn Abī al-Karam Muḥammad ibn Muḥammad ibn ʻAbd al-Karīm ibn ʻAbd al-Wāḥid al-Shaybānī al-maʻrūf bi-Ibn al-Athīr al-Jazarī al-mulaqqab bi-ʻIzz al-Dīn.</subfield>
  </datafield>
  <datafield tag="260" ind1=" " ind2=" ">
    <subfield code="a">Miṣr :</subfield>
    <subfield code="b">al-Maṭbuʻah al-Azharīyah al-Miṣrīyah,</subfield>
    <subfield code="c">[1883-1884]</subfield>
  </datafield>
  <datafield tag="300" ind1=" " ind2=" ">
    <subfield code="a">12 v. ;</subfield>
    <subfield code="c">27 cm.</subfield>
  </datafield>
  <datafield tag="500" ind1=" " ind2=" ">
    <subfield code="a">[A history of the earliest times down to the year 628 A.H.  On the margin, the ʻAjāib al-athār of al-Jabartī]</subfield>
  </datafield>
  <datafield tag="651" ind1=" " ind2="0">
    <subfield code="a">Islamic Empire</subfield>
    <subfield code="x">History.</subfield>
  </datafield>
  <datafield tag="700" ind1="1" ind2=" ">
    <subfield code="a">Qaramānī, Abū al-ʻAbbās Aḥmad ibn Yūsuf ibn Aḥmad al-Dimashqī,</subfield>
    <subfield code="d">-1611.</subfield>
    <subfield code="t">Akhbār al-duwal wa-āthār al-ʼUwwal.</subfield>
  </datafield>
  <datafield tag="700" ind1="0" ind2=" ">
    <subfield code="a">Abū al-Walīd Muḥammad ibn al-Shiḥnah.</subfield>
    <subfield code="t">Rawdat al-manāẓir fī akhbār al-awaʼil wa-al-awākhir.</subfield>
  </datafield>
  <datafield tag="700" ind1="1" ind2=" ">
    <subfield code="a">ʻUtbī, Muḥammad ibn ʻAbd al-Jabbār,</subfield>
    <subfield code="d">-1035 or 1036.</subfield>
    <subfield code="t">Sirat al-yamīnī.</subfield>
  </datafield>
  <datafield tag="700" ind1="1" ind2=" ">
    <subfield code="a">Jabartī, ʻAbd al-Raḥmān,</subfield>
    <subfield code="d">1754-1822.</subfield>
  </datafield>
  <datafield tag="955" ind1=" " ind2=" ">
    <subfield code="b">0022246495</subfield>
    <subfield code="d">glx</subfield>
    <subfield code="e">893.712 Ib53</subfield>
    <subfield code="v">v.1-2</subfield>
  </datafield>
</record>
</collection>